<marc:record xmlns:marc="http://www.loc.gov/MARC21/slim"><marc:leader>00659nam a22001570a 45 0</marc:leader><marc:controlfield tag="001">307074</marc:controlfield><marc:controlfield tag="003">NL-AMISG</marc:controlfield><marc:controlfield tag="005">19950210234845.0</marc:controlfield><marc:controlfield tag="008">199502suuuuuuuu||||||||||||||||||||||| d</marc:controlfield><marc:datafield ind1=" " ind2=" " tag="035"><marc:subfield code="a">(IISG)IISGb10048175</marc:subfield></marc:datafield><marc:datafield ind1=" " ind2=" " tag="040"><marc:subfield code="a">NL-AmISG</marc:subfield></marc:datafield><marc:datafield ind1="1" ind2=" " tag="100"><marc:subfield code="a">Arnold, Emil.</marc:subfield></marc:datafield><marc:datafield ind1="1" ind2="0" tag="245"><marc:subfield code="a">Trusts - eine Landesgefahr. Die goldene Internationale der Chemie - Industrie.</marc:subfield></marc:datafield><marc:datafield ind1=" " ind2=" " tag="260"><marc:subfield code="a">Zürich :</marc:subfield><marc:subfield code="b">Genossenschaft Literaturvertrieb,</marc:subfield><marc:subfield code="c">1947.</marc:subfield></marc:datafield><marc:datafield ind1=" " ind2=" " tag="300"><marc:subfield code="a">24 p.</marc:subfield></marc:datafield><marc:datafield ind1=" " ind2=" " tag="690"><marc:subfield code="a">Bro Zw 2860</marc:subfield><marc:subfield code="b">Switzerland; economy; economic life</marc:subfield><marc:subfield code="c">Zwitserland; economie; bedrijfsleven.</marc:subfield></marc:datafield><marc:datafield ind1=" " ind2=" " tag="690"><marc:subfield code="a">Bro Zw 122</marc:subfield><marc:subfield code="b">Switzerland; political parties, movements; communist; Partei der Arbeit</marc:subfield><marc:subfield code="c">Zwitserland; partijwezen; politieke partijen en groeperingen; communistisch; Partei der Arbeit.</marc:subfield></marc:datafield><marc:datafield ind1=" " ind2=" " tag="852"><marc:subfield code="a">IISG</marc:subfield><marc:subfield code="b">IISG</marc:subfield><marc:subfield code="c">IISG</marc:subfield><marc:subfield code="j">Bro 359/22</marc:subfield><marc:subfield code="p">N10047683</marc:subfield></marc:datafield><marc:datafield ind1=" " ind2=" " tag="901"><marc:subfield code="a">307074</marc:subfield><marc:subfield code="b">Unknown</marc:subfield><marc:subfield code="c">307074</marc:subfield><marc:subfield code="t">biblio</marc:subfield></marc:datafield><marc:datafield ind1=" " ind2=" " tag="902"><marc:subfield code="a">10622/5A2504ED-E611-447F-AAB1-9D9ACB4525C2</marc:subfield></marc:datafield></marc:record>